<?xml version="1.0" encoding="UTF-8"?>
<!DOCTYPE html PUBLIC "-//W3C//DTD XHTML 1.0 Transitional//EN"
    "http://www.w3.org/TR/xhtml1/DTD/xhtml1-transitional.dtd">
<html xmlns="http://www.w3.org/1999/xhtml" xml:lang="en" lang="en">
 <head>
  <title>
</title>
<meta http-equiv="Content-Type" content="text/html;charset=utf-8" />
  <meta name='ocr-system' content='tesseract 3.04.00' />
  <meta name='ocr-capabilities' content='ocr_page ocr_carea ocr_par ocr_line ocrx_word'/>
</head>
<body>
  <div class='ocr_page' id='page_1' title='image "4774679_0012.png"; bbox 0 0 2362 3003; ppageno 0'>
   <div class='ocr_carea' id='block_1_1' title="bbox 0 0 190 147">
    <p class='ocr_par' dir='ltr' id='par_1_1' title="bbox 0 0 190 147">
     <span class='ocr_line' id='line_1_1' title="bbox 0 0 190 147; baseline 0 2856"><span class='ocrx_word' id='word_1_1' title='bbox 0 0 190 147; x_wconf 95' lang='lat' dir='ltr'> </span> 
     </span>
    </p>
   </div>
   <div class='ocr_carea' id='block_1_2' title="bbox 1049 157 1316 199">
    <p class='ocr_par' dir='ltr' id='par_1_2' title="bbox 1049 157 1316 199">
     <span class='ocr_line' id='line_1_2' title="bbox 1049 157 1316 199; baseline 0.004 -11"><span class='ocrx_word' id='word_1_2' title='bbox 1049 157 1316 199; x_wconf 78' lang='grc'>...6.-</span> 
     </span>
    </p>
   </div>
   <div class='ocr_carea' id='block_1_3' title="bbox 198 247 2226 2630">
    <p class='ocr_par' dir='ltr' id='par_1_3' title="bbox 207 247 2226 446">
     <span class='ocr_line' id='line_1_3' title="bbox 207 247 2226 315; baseline -0.001 -15"><span class='ocrx_word' id='word_1_3' title='bbox 207 256 263 300; x_wconf 78' lang='lat' dir='ltr'>tis</span> <span class='ocrx_word' id='word_1_4' title='bbox 285 253 432 297; x_wconf 76' lang='lat' dir='ltr'>Latini</span> <span class='ocrx_word' id='word_1_5' title='bbox 458 250 889 298; x_wconf 71' lang='lat' dir='ltr'>commoditate&#39;utar.</span> <span class='ocrx_word' id='word_1_6' title='bbox 949 254 1045 308; x_wconf 89' lang='lat' dir='ltr'>Quo</span> <span class='ocrx_word' id='word_1_7' title='bbox 1064 253 1117 294; x_wconf 70' lang='lat' dir='ltr'>&#39;in</span> <span class='ocrx_word' id='word_1_8' title='bbox 1131 265 1283 310; x_wconf 77' lang='lat' dir='ltr'>genere</span> <span class='ocrx_word' id='word_1_9' title='bbox 1302 247 1414 307; x_wconf 60' lang='lat' dir='ltr'>&#39;quae</span> <span class='ocrx_word' id='word_1_10' title='bbox 1434 251 1482 315; x_wconf 65' lang='lat' dir='ltr'>in</span> <span class='ocrx_word' id='word_1_11' title='bbox 1514 267 1642 296; x_wconf 84' lang='lat' dir='ltr'>usum</span> <span class='ocrx_word' id='word_1_12' title='bbox 1670 252 1796 308; x_wconf 73' lang='lat' dir='ltr'>hujus</span> <span class='ocrx_word' id='word_1_13' title='bbox 1815 254 2156 311; x_wconf 80' lang='lat' dir='ltr'>Programmatis,</span> <span class='ocrx_word' id='word_1_14' title='bbox 2220 264 2226 270; x_wconf 90' lang='grc'>’</span> 
     </span>
     <span class='ocr_line' id='line_1_4' title="bbox 208 320 2155 381; baseline 0.002 -16"><span class='ocrx_word' id='word_1_15' title='bbox 208 323 385 365; x_wconf 78' lang='lat' dir='ltr'>solenne</span> <span class='ocrx_word' id='word_1_16' title='bbox 406 322 1131 378; x_wconf 23' lang='lat' dir='ltr'>discipulorumfhujussGymnasii,</span> <span class='ocrx_word' id='word_1_17' title='bbox 1160 331 1203 361; x_wconf 90' lang='lat' dir='ltr'>et</span> <span class='ocrx_word' id='word_1_18' title='bbox 1224 320 1397 370; x_wconf 77' lang='lat' dir='ltr'>scholae</span> <span class='ocrx_word' id='word_1_19' title='bbox 1423 323 1766 378; x_wconf 79' lang='lat' dir='ltr'>Praeparatoriae,</span> <span class='ocrx_word' id='word_1_20' title='bbox 1796 331 1970 365; x_wconf 77' lang='lat' dir='ltr'>examen</span> <span class='ocrx_word' id='word_1_21' title='bbox 1992 325 2155 381; x_wconf 79' lang='lat' dir='ltr'>procla·</span> 
     </span>
     <span class='ocr_line' id='line_1_5' title="bbox 207 388 1661 446; baseline -0.001 -11"><span class='ocrx_word' id='word_1_22' title='bbox 207 392 382 442; x_wconf 68' lang='lat' dir='ltr'>mantis,</span> <span class='ocrx_word' id='word_1_23' title='bbox 427 405 461 434; x_wconf 87' lang='lat' dir='ltr'>e.</span> <span class='ocrx_word' id='word_1_24' title='bbox 487 389 685 446; x_wconf 87' lang='lat' dir='ltr'>pluribus</span> <span class='ocrx_word' id='word_1_25' title='bbox 715 390 922 439; x_wconf 78' lang='lat' dir='ltr'>enotanda</span> <span class='ocrx_word' id='word_1_26' title='bbox 960 390 1233 441; x_wconf 86' lang='lat' dir='ltr'>videbantur,</span> <span class='ocrx_word' id='word_1_27' title='bbox 1272 388 1357 441; x_wconf 84' lang='lat' dir='ltr'>jam</span> <span class='ocrx_word' id='word_1_28' title='bbox 1386 390 1661 445; x_wconf 83' lang='lat' dir='ltr'>proferamus.</span> 
     </span>
    </p>

    <p class='ocr_par' dir='ltr' id='par_1_4' title="bbox 204 453 2193 1058">
     <span class='ocr_line' id='line_1_6' title="bbox 323 453 2193 515; baseline 0.001 -14"><span class='ocrx_word' id='word_1_29' title='bbox 323 459 576 501; x_wconf 80' lang='lat' dir='ltr'>Plutarchus</span> <span class='ocrx_word' id='word_1_30' title='bbox 601 459 648 499; x_wconf 92' lang='lat' dir='ltr'>in</span> <span class='ocrx_word' id='word_1_31' title='bbox 671 472 758 515; x_wconf 91' lang='lat' dir='ltr'>cap.</span> <span class='ocrx_word' id='word_1_32' title='bbox 782 462 977 501; x_wconf 84' lang='lat' dir='ltr'>XXVIII.</span> <span class='ocrx_word' id='word_1_33' title='bbox 998 459 1108 500; x_wconf 83' lang='lat' dir='ltr'>vitae</span> <span class='ocrx_word' id='word_1_34' title='bbox 1118 456 1305 508; x_wconf 81' lang='lat' dir='ltr'>Periclis,</span> <span class='ocrx_word' id='word_1_35' title='bbox 1334 468 1521 499; x_wconf 80' lang='lat' dir='ltr'>enarrata</span> <span class='ocrx_word' id='word_1_36' title='bbox 1548 458 1668 501; x_wconf 84' lang='lat' dir='ltr'>illius</span> <span class='ocrx_word' id='word_1_37' title='bbox 1687 458 1810 502; x_wconf 54' lang='lat' dir='ltr'>fel-ici„</span> <span class='ocrx_word' id='word_1_38' title='bbox 1825 469 1971 503; x_wconf 84' lang='lat' dir='ltr'>contra</span> <span class='ocrx_word' id='word_1_39' title='bbox 1987 453 2158 504; x_wconf 72' lang='lat' dir='ltr'>Samuni</span> <span class='ocrx_word' id='word_1_40' title='bbox 2187 461 2193 463; x_wconf 73' lang='grc'><strong>’</strong></span> 
     </span>
     <span class='ocr_line' id='line_1_7' title="bbox 207 525 2158 583; baseline 0.001 -14"><span class='ocrx_word' id='word_1_41' title='bbox 207 525 499 583; x_wconf 80' lang='lat' dir='ltr'>expeditione,</span> <span class='ocrx_word' id='word_1_42' title='bbox 533 529 698 582; x_wconf 85' lang='lat' dir='ltr'>pergit,</span> <span class='ocrx_word' id='word_1_43' title='bbox 728 525 935 567; x_wconf 83' lang='lat' dir='ltr'>Periclem</span> <span class='ocrx_word' id='word_1_44' title='bbox 953 529 1235 568; x_wconf 63' lang='lat' dir='ltr'>inv-honorem</span> <span class='ocrx_word' id='word_1_45' title='bbox 1256 540 1428 578; x_wconf 88' lang='lat' dir='ltr'>eorum,</span> <span class='ocrx_word' id='word_1_46' title='bbox 1470 529 1544 581; x_wconf 75' lang='lat' dir='ltr'>qui</span> <span class='ocrx_word' id='word_1_47' title='bbox 1567 529 1613 567; x_wconf 90' lang='lat' dir='ltr'>in</span> <span class='ocrx_word' id='word_1_48' title='bbox 1640 529 1723 570; x_wconf 93' lang='lat' dir='ltr'>hoc</span> <span class='ocrx_word' id='word_1_49' title='bbox 1754 529 1870 569; x_wconf 91' lang='lat' dir='ltr'>bello</span> <span class='ocrx_word' id='word_1_50' title='bbox 1903 529 2158 580; x_wconf 86' lang='lat' dir='ltr'>cecidissent,</span> 
     </span>
     <span class='ocr_line' id='line_1_8' title="bbox 206 591 2157 651; baseline 0.001 -14"><span class='ocrx_word' id='word_1_51' title='bbox 206 595 447 638; x_wconf 80' lang='lat' dir='ltr'>orationem</span> <span class='ocrx_word' id='word_1_52' title='bbox 463 594 685 637; x_wconf 86' lang='lat' dir='ltr'>funebrem</span> <span class='ocrx_word' id='word_1_53' title='bbox 702 594 907 646; x_wconf 86' lang='lat' dir='ltr'>habuisse,</span> <span class='ocrx_word' id='word_1_54' title='bbox 937 604 993 646; x_wconf 89' lang='lat' dir='ltr'>et,</span> <span class='ocrx_word' id='word_1_55' title='bbox 1016 609 1152 649; x_wconf 89' lang='lat' dir='ltr'>quum</span> <span class='ocrx_word' id='word_1_56' title='bbox 1169 592 1448 636; x_wconf 83' lang='lat' dir='ltr'>descendisset</span> <span class='ocrx_word' id='word_1_57' title='bbox 1470 591 1757 651; x_wconf 85' lang='lat' dir='ltr'>suggestu,.ab</span> <span class='ocrx_word' id='word_1_58' title='bbox 1783 597 1981 638; x_wconf 83' lang='lat' dir='ltr'>omnibus</span> <span class='ocrx_word' id='word_1_59' title='bbox 2001 608 2157 638; x_wconf 86' lang='lat' dir='ltr'>matro-</span> 
     </span>
     <span class='ocr_line' id='line_1_9' title="bbox 205 654 2156 721; baseline 0.001 -17"><span class='ocrx_word' id='word_1_60' title='bbox 205 664 275 705; x_wconf 76' lang='lat' dir='ltr'>nis</span> <span class='ocrx_word' id='word_1_61' title='bbox 291 662 528 706; x_wconf 89' lang='lat' dir='ltr'>honorifice</span> <span class='ocrx_word' id='word_1_62' title='bbox 549 677 636 710; x_wconf 71' lang='lat' dir='ltr'>esse</span> <span class='ocrx_word' id='word_1_63' title='bbox 650 663 901 714; x_wconf 83' lang='lat' dir='ltr'>salutatum,</span> <span class='ocrx_word' id='word_1_64' title='bbox 931 664 1136 718; x_wconf 83' lang='lat' dir='ltr'>sertisque</span> <span class='ocrx_word' id='word_1_65' title='bbox 1153 667 1208 714; x_wconf 62' lang='lat' dir='ltr'>jac</span> <span class='ocrx_word' id='word_1_66' title='bbox 1232 663 1379 704; x_wconf 83' lang='lat' dir='ltr'>taeniis</span> <span class='ocrx_word' id='word_1_67' title='bbox 1400 654 1684 719; x_wconf 59' lang='lat' dir='ltr'>›co-mnat&#39;um3</span> <span class='ocrx_word' id='word_1_68' title='bbox 1721 679 1852 707; x_wconf 87' lang='lat' dir='ltr'>unam</span> <span class='ocrx_word' id='word_1_69' title='bbox 1872 679 1974 707; x_wconf 87' lang='lat' dir='ltr'>vero</span> <span class='ocrx_word' id='word_1_70' title='bbox 1992 665 2156 721; x_wconf 83' lang='lat' dir='ltr'>Elpini-</span> 
     </span>
     <span class='ocr_line' id='line_1_10' title="bbox 205 730 2158 784; baseline -0.001 -10"><span class='ocrx_word' id='word_1_71' title='bbox 205 745 306 782; x_wconf 84' lang='lat' dir='ltr'>cen,</span> <span class='ocrx_word' id='word_1_72' title='bbox 339 733 526 774; x_wconf 85' lang='lat' dir='ltr'>Cimonis</span> <span class='ocrx_word' id='word_1_73' title='bbox 552 747 764 781; x_wconf 89' lang='lat' dir='ltr'>sororem,</span> <span class='ocrx_word' id='word_1_74' title='bbox 797 732 1008 771; x_wconf 86' lang='lat' dir='ltr'>accessisse</span> <span class='ocrx_word' id='word_1_75' title='bbox 1030 732 1089 771; x_wconf 88' lang='lat' dir='ltr'>sic</span> <span class='ocrx_word' id='word_1_76' title='bbox 1118 730 1466 784; x_wconf 76' lang='lat' dir='ltr'>exprobrantemz</span> <span class='ocrx_word' id='word_1_77' title='bbox 1529 732 1722 773; x_wconf 76' lang='lat' dir='ltr'>Miz-anda</span> <span class='ocrx_word' id='word_1_78' title='bbox 1751 747 1868 782; x_wconf 87' lang='lat' dir='ltr'>sane,</span> <span class='ocrx_word' id='word_1_79' title='bbox 1914 748 1941 773; x_wconf 94' lang='lat' dir='ltr'>o</span> <span class='ocrx_word' id='word_1_80' title='bbox 1965 734 2158 782; x_wconf 86' lang='lat' dir='ltr'>Pericles,</span> 
     </span>
     <span class='ocr_line' id='line_1_11' title="bbox 206 796 2157 855; baseline 0.001 -14"><span class='ocrx_word' id='word_1_81' title='bbox 206 796 309 843; x_wconf 81' lang='lat' dir='ltr'>sunt</span> <span class='ocrx_word' id='word_1_82' title='bbox 325 797 431 851; x_wconf 71' lang='lat' dir='ltr'>ista,</span> <span class='ocrx_word' id='word_1_83' title='bbox 469 799 720 855; x_wconf 87' lang='lat' dir='ltr'>coronisque</span> <span class='ocrx_word' id='word_1_84' title='bbox 743 797 890 854; x_wconf 87' lang='lat' dir='ltr'>digna,</span> <span class='ocrx_word' id='word_1_85' title='bbox 922 798 1080 854; x_wconf 85' lang='lat' dir='ltr'>quippe</span> <span class='ocrx_word' id='word_1_86' title='bbox 1112 799 1187 853; x_wconf 91' lang='lat' dir='ltr'>qui</span> <span class='ocrx_word' id='word_1_87' title='bbox 1215 798 1377 839; x_wconf 90' lang='lat' dir='ltr'>multos</span> <span class='ocrx_word' id='word_1_88' title='bbox 1402 797 1622 854; x_wconf 89' lang='lat' dir='ltr'>bonosque</span> <span class='ocrx_word' id='word_1_89' title='bbox 1649 801 1759 841; x_wconf 85' lang='lat' dir='ltr'>cives</span> <span class='ocrx_word' id='word_1_90' title='bbox 1782 798 2034 855; x_wconf 84' lang='lat' dir='ltr'>perdideris,</span> <span class='ocrx_word' id='word_1_91' title='bbox 2069 815 2157 843; x_wconf 89' lang='lat' dir='ltr'>eos-</span> 
     </span>
     <span class='ocr_line' id='line_1_12' title="bbox 209 866 2156 921; baseline -0.001 -12"><span class='ocrx_word' id='word_1_92' title='bbox 209 882 293 921; x_wconf 87' lang='lat' dir='ltr'>que</span> <span class='ocrx_word' id='word_1_93' title='bbox 314 883 403 909; x_wconf 90' lang='lat' dir='ltr'>non</span> <span class='ocrx_word' id='word_1_94' title='bbox 426 869 472 909; x_wconf 88' lang='lat' dir='ltr'>in</span> <span class='ocrx_word' id='word_1_95' title='bbox 494 868 612 908; x_wconf 91' lang='lat' dir='ltr'>bello</span> <span class='ocrx_word' id='word_1_96' title='bbox 638 882 737 908; x_wconf 87' lang='lat' dir='ltr'>cum</span> <span class='ocrx_word' id='word_1_97' title='bbox 754 868 888 907; x_wconf 86' lang='lat' dir='ltr'>Persis</span> <span class='ocrx_word' id='word_1_98' title='bbox 912 866 1111 921; x_wconf 83' lang='lat' dir='ltr'>gerendo,</span> <span class='ocrx_word' id='word_1_99' title='bbox 1141 875 1191 906; x_wconf 90' lang='lat' dir='ltr'>ut</span> <span class='ocrx_word' id='word_1_100' title='bbox 1205 868 1356 906; x_wconf 88' lang='lat' dir='ltr'>Cimon</span> <span class='ocrx_word' id='word_1_101' title='bbox 1377 866 1506 906; x_wconf 84' lang='lat' dir='ltr'>fr&#39;ater</span> <span class='ocrx_word' id='word_1_102' title='bbox 1521 881 1653 917; x_wconf 86' lang='lat' dir='ltr'>meus,</span> <span class='ocrx_word' id='word_1_103' title='bbox 1683 866 1756 907; x_wconf 88' lang='lat' dir='ltr'>sed</span> <span class='ocrx_word' id='word_1_104' title='bbox 1777 877 1924 908; x_wconf 81' lang='lat' dir='ltr'>contra</span> <span class='ocrx_word' id='word_1_105' title='bbox 1945 869 2156 908; x_wconf 80' lang='lat' dir='ltr'>civitatem</span> 
     </span>
     <span class='ocr_line' id='line_1_13' title="bbox 206 928 2156 992; baseline 0.001 -17"><span class='ocrx_word' id='word_1_106' title='bbox 206 936 364 985; x_wconf 74' lang='lat' dir='ltr'>sociam</span> <span class='ocrx_word' id='word_1_107' title='bbox 380 949 426 977; x_wconf 91' lang='lat' dir='ltr'>ac</span> <span class='ocrx_word' id='word_1_108' title='bbox 440 936 692 992; x_wconf 83' lang='lat' dir='ltr'>popularem</span> <span class='ocrx_word' id='word_1_109' title='bbox 713 948 920 992; x_wconf 68' lang='lat' dir='ltr'>pugnans..</span> <span class='ocrx_word' id='word_1_110' title='bbox 951 931 1019 977; x_wconf 86' lang='lat' dir='ltr'>Ad</span> <span class='ocrx_word' id='word_1_111' title='bbox 1042 948 1148 990; x_wconf 84' lang='lat' dir='ltr'>quae</span> <span class='ocrx_word' id='word_1_112' title='bbox 1164 934 1384 986; x_wconf 81' lang='lat' dir='ltr'>Periclem,</span> <span class='ocrx_word' id='word_1_113' title='bbox 1400 928 1554 976; x_wconf 76' lang='lat' dir='ltr'>leniter</span> <span class='ocrx_word' id='word_1_114' title='bbox 1577 932 1886 987; x_wconf 82' lang='lat' dir='ltr'>subridentem,</span> <span class='ocrx_word' id='word_1_115' title='bbox 1907 936 1991 977; x_wconf 90' lang='lat' dir='ltr'>hoc</span> <span class='ocrx_word' id='word_1_116' title='bbox 2010 936 2156 977; x_wconf 87' lang='lat' dir='ltr'>Archi-</span> 
     </span>
     <span class='ocr_line' id='line_1_14' title="bbox 204 1003 1559 1058; baseline 0.001 -17"><span class='ocrx_word' id='word_1_117' title='bbox 204 1003 322 1045; x_wconf 87' lang='lat' dir='ltr'>lochi</span> <span class='ocrx_word' id='word_1_118' title='bbox 351 1018 477 1045; x_wconf 85' lang='lat' dir='ltr'>versu</span> <span class='ocrx_word' id='word_1_119' title='bbox 501 1003 788 1058; x_wconf 79' lang='lat' dir='ltr'>respondisse:</span> <span class='ocrx_word' id='word_1_120' title='bbox 1556 1025 1559 1027; x_wconf 59' lang='lat'><em>&gt;</em></span> 
     </span>
    </p>

    <p class='ocr_par' dir='ltr' id='par_1_5' title="bbox 324 1070 1179 1122">
     <span class='ocr_line' id='line_1_15' title="bbox 324 1070 1179 1122; baseline 0 -12"><span class='ocrx_word' id='word_1_121' title='bbox 324 1070 420 1110; x_wconf 76' lang='grc' dir='ltr'>Ουἰι</span> <span class='ocrx_word' id='word_1_122' title='bbox 435 1070 492 1110; x_wconf 79' lang='grc' dir='ltr'>ἄν</span> <span class='ocrx_word' id='word_1_123' title='bbox 514 1070 692 1120; x_wconf 81' lang='grc' dir='ltr'><strong><em>μύροισι</em></strong></span> <span class='ocrx_word' id='word_1_124' title='bbox 717 1075 857 1121; x_wconf 80' lang='grc' dir='ltr'><strong><em>γραῦς</em></strong></span> <span class='ocrx_word' id='word_1_125' title='bbox 889 1071 967 1111; x_wconf 61' lang='lat'>35⁶⁹</span> <span class='ocrx_word' id='word_1_126' title='bbox 988 1073 1179 1122; x_wconf 79' lang='grc' dir='ltr'><strong><em>ἠλείφεο.</em></strong></span> 
     </span>
    </p>

    <p class='ocr_par' dir='ltr' id='par_1_6' title="bbox 202 1130 2183 1604">
     <span class='ocr_line' id='line_1_16' title="bbox 308 1130 2183 1199; baseline 0.001 -18"><span class='ocrx_word' id='word_1_127' title='bbox 308 1139 496 1199; x_wconf 70' lang='grc' dir='ltr'>Βείεἰείρ</span> <span class='ocrx_word' id='word_1_128' title='bbox 516 1141 673 1182; x_wconf 88' lang='lat' dir='ltr'>merito</span> <span class='ocrx_word' id='word_1_129' title='bbox 697 1152 887 1196; x_wconf 85' lang='lat' dir='ltr'>suspecta</span> <span class='ocrx_word' id='word_1_130' title='bbox 912 1152 1000 1182; x_wconf 87' lang='lat' dir='ltr'>erat</span> <span class='ocrx_word' id='word_1_131' title='bbox 1022 1142 1193 1197; x_wconf 80' lang='lat' dir='ltr'>vulgata</span> <span class='ocrx_word' id='word_1_132' title='bbox 1216 1140 1315 1182; x_wconf 86' lang='lat' dir='ltr'>haec</span> <span class='ocrx_word' id='word_1_133' title='bbox 1333 1141 1482 1183; x_wconf 79' lang='lat' dir='ltr'>lectio:</span> <span class='ocrx_word' id='word_1_134' title='bbox 1515 1130 1737 1184; x_wconf 71' lang='lat' dir='ltr'>manifesto</span> <span class='ocrx_word' id='word_1_135' title='bbox 1761 1142 1877 1182; x_wconf 86' lang='lat' dir='ltr'>enim</span> <span class='ocrx_word' id='word_1_136' title='bbox 1906 1142 2183 1197; x_wconf 44' lang='lat' dir='ltr'>exprobrare*</span> 
     </span>
     <span class='ocr_line' id='line_1_17' title="bbox 203 1208 2156 1264; baseline 0.001 -16"><span class='ocrx_word' id='word_1_137' title='bbox 203 1208 301 1248; x_wconf 81' lang='lat' dir='ltr'>vult</span> <span class='ocrx_word' id='word_1_138' title='bbox 322 1211 502 1250; x_wconf 86' lang='lat' dir='ltr'>Pericles</span> <span class='ocrx_word' id='word_1_139' title='bbox 531 1210 772 1263; x_wconf 83' lang='lat' dir='ltr'>Elpinicae,</span> <span class='ocrx_word' id='word_1_140' title='bbox 810 1209 949 1263; x_wconf 88' lang='lat' dir='ltr'>quod,</span> <span class='ocrx_word' id='word_1_141' title='bbox 980 1223 1114 1263; x_wconf 89' lang='lat' dir='ltr'>quum</span> <span class='ocrx_word' id='word_1_142' title='bbox 1147 1210 1232 1261; x_wconf 85' lang='lat' dir='ltr'>jam</span> <span class='ocrx_word' id='word_1_143' title='bbox 1254 1211 1533 1264; x_wconf 72' lang='lat' dir='ltr'>provectioris</span> <span class='ocrx_word' id='word_1_144' title='bbox 1561 1219 1668 1250; x_wconf 84' lang='lat' dir='ltr'>esset</span> <span class='ocrx_word' id='word_1_145' title='bbox 1692 1210 1855 1259; x_wconf 80' lang='lat' dir='ltr'>aetatis,</span> <span class='ocrx_word' id='word_1_146' title='bbox 1893 1210 1992 1263; x_wconf 86' lang='lat' dir='ltr'>fuco</span> <span class='ocrx_word' id='word_1_147' title='bbox 2017 1219 2156 1250; x_wconf 82' lang='lat' dir='ltr'>tamen</span> 
     </span>
     <span class='ocr_line' id='line_1_18' title="bbox 203 1270 2156 1331; baseline 0 -14"><span class='ocrx_word' id='word_1_148' title='bbox 203 1279 528 1331; x_wconf 78' lang='lat' dir='ltr'>unguentisque,</span> <span class='ocrx_word' id='word_1_149' title='bbox 545 1275 735 1323; x_wconf 76' lang='grc' dir='ltr'><em>ἑταιρῶν</em></span> <span class='ocrx_word' id='word_1_150' title='bbox 751 1290 883 1327; x_wconf 87' lang='lat' dir='ltr'>more,</span> <span class='ocrx_word' id='word_1_151' title='bbox 903 1287 1108 1319; x_wconf 75' lang='lat' dir='ltr'>uteretur.</span> <span class='ocrx_word' id='word_1_152' title='bbox 1134 1278 1250 1316; x_wconf 91' lang='lat' dir='ltr'>Serio</span> <span class='ocrx_word' id='word_1_153' title='bbox 1274 1277 1401 1326; x_wconf 89' lang='lat' dir='ltr'>enim,</span> <span class='ocrx_word' id='word_1_154' title='bbox 1431 1291 1536 1331; x_wconf 84' lang='lat' dir='ltr'>quae</span> <span class='ocrx_word' id='word_1_155' title='bbox 1552 1270 1715 1319; x_wconf 76' lang='lat' dir='ltr'>dixerat</span> <span class='ocrx_word' id='word_1_156' title='bbox 1726 1278 1817 1328; x_wconf 88' lang='lat' dir='ltr'>illa,</span> <span class='ocrx_word' id='word_1_157' title='bbox 1835 1277 2028 1328; x_wconf 80' lang='lat' dir='ltr'>refutare,</span> <span class='ocrx_word' id='word_1_158' title='bbox 2045 1277 2156 1327; x_wconf 79' lang='lat' dir='ltr'>nihil</span> 
     </span>
     <span class='ocr_line' id='line_1_19' title="bbox 202 1336 2159 1399; baseline 0.002 -16"><span class='ocrx_word' id='word_1_159' title='bbox 202 1341 293 1394; x_wconf 89' lang='lat' dir='ltr'>ejus</span> <span class='ocrx_word' id='word_1_160' title='bbox 318 1345 518 1386; x_wconf 85' lang='lat' dir='ltr'>intererat</span> <span class='ocrx_word' id='word_1_161' title='bbox 573 1346 710 1386; x_wconf 88' lang='lat' dir='ltr'>risum</span> <span class='ocrx_word' id='word_1_162' title='bbox 732 1343 866 1386; x_wconf 87' lang='lat' dir='ltr'>modo</span> <span class='ocrx_word' id='word_1_163' title='bbox 893 1343 1159 1387; x_wconf 80' lang='lat' dir='ltr'>audientium</span> <span class='ocrx_word' id='word_1_164' title='bbox 1184 1346 1395 1399; x_wconf 83' lang='lat' dir='ltr'>captantis.</span> <span class='ocrx_word' id='word_1_165' title='bbox 1454 1348 1552 1387; x_wconf 87' lang='lat' dir='ltr'>Hoc</span> <span class='ocrx_word' id='word_1_166' title='bbox 1578 1359 1682 1386; x_wconf 84' lang='lat' dir='ltr'>vero</span> <span class='ocrx_word' id='word_1_167' title='bbox 1703 1344 1843 1385; x_wconf 81' lang='lat' dir='ltr'>verbis</span> <span class='ocrx_word' id='word_1_168' title='bbox 1866 1345 1955 1385; x_wconf 89' lang='lat' dir='ltr'>illis</span> <span class='ocrx_word' id='word_1_169' title='bbox 1977 1347 2036 1386; x_wconf 89' lang='lat' dir='ltr'>sic</span> <span class='ocrx_word' id='word_1_170' title='bbox 2059 1336 2159 1386; x_wconf 81' lang='lat' dir='ltr'>con-</span> 
     </span>
     <span class='ocr_line' id='line_1_20' title="bbox 203 1404 2158 1469; baseline 0.001 -19"><span class='ocrx_word' id='word_1_171' title='bbox 203 1404 364 1453; x_wconf 78' lang='lat' dir='ltr'>stitutis</span> <span class='ocrx_word' id='word_1_172' title='bbox 384 1413 546 1466; x_wconf 79' lang='lat' dir='ltr'>assequi</span> <span class='ocrx_word' id='word_1_173' title='bbox 567 1426 655 1469; x_wconf 78' lang='lat' dir='ltr'>non</span> <span class='ocrx_word' id='word_1_174' title='bbox 688 1423 865 1466; x_wconf 84' lang='lat' dir='ltr'>poterat,</span> <span class='ocrx_word' id='word_1_175' title='bbox 897 1413 1055 1466; x_wconf 81' lang='lat' dir='ltr'>quippe</span> <span class='ocrx_word' id='word_1_176' title='bbox 1078 1426 1182 1464; x_wconf 88' lang='lat' dir='ltr'>quae</span> <span class='ocrx_word' id='word_1_177' title='bbox 1202 1411 1371 1452; x_wconf 78' lang='lat' dir='ltr'>laudem</span> <span class='ocrx_word' id='word_1_178' title='bbox 1389 1414 1546 1465; x_wconf 86' lang='lat' dir='ltr'>potius,</span> <span class='ocrx_word' id='word_1_179' title='bbox 1590 1425 1717 1464; x_wconf 83' lang='lat' dir='ltr'>quam</span> <span class='ocrx_word' id='word_1_180' title='bbox 1741 1412 2004 1465; x_wconf 83' lang='lat' dir='ltr'>vituperium</span> <span class='ocrx_word' id='word_1_181' title='bbox 2024 1417 2158 1452; x_wconf 77' lang='lat' dir='ltr'>enun‘-</span> 
     </span>
     <span class='ocr_line' id='line_1_21' title="bbox 203 1477 2157 1534; baseline 0.001 -16"><span class='ocrx_word' id='word_1_182' title='bbox 203 1477 339 1531; x_wconf 87' lang='lat' dir='ltr'>cient;</span> <span class='ocrx_word' id='word_1_183' title='bbox 363 1482 593 1522; x_wconf 76' lang='lat' dir='ltr'>enunciant</span> <span class='ocrx_word' id='word_1_184' title='bbox 613 1480 741 1529; x_wconf 85' lang='lat' dir='ltr'>enirn,</span> <span class='ocrx_word' id='word_1_185' title='bbox 758 1478 804 1519; x_wconf 91' lang='lat' dir='ltr'>id</span> <span class='ocrx_word' id='word_1_186' title='bbox 829 1494 916 1519; x_wconf 90' lang='lat' dir='ltr'>non</span> <span class='ocrx_word' id='word_1_187' title='bbox 935 1479 1069 1519; x_wconf 83' lang='lat' dir='ltr'>facere</span> <span class='ocrx_word' id='word_1_188' title='bbox 1090 1480 1329 1534; x_wconf 87' lang='lat' dir='ltr'>Elpinicen,</span> <span class='ocrx_word' id='word_1_189' title='bbox 1359 1478 1478 1531; x_wconf 88' lang='lat' dir='ltr'>quod</span> <span class='ocrx_word' id='word_1_190' title='bbox 1502 1488 1643 1517; x_wconf 89' lang='lat' dir='ltr'>tamen</span> <span class='ocrx_word' id='word_1_191' title='bbox 1667 1479 1810 1531; x_wconf 88' lang='lat' dir='ltr'>ipsum</span> <span class='ocrx_word' id='word_1_192' title='bbox 1831 1477 2022 1520; x_wconf 86' lang='lat' dir='ltr'>deridere</span> <span class='ocrx_word' id='word_1_193' title='bbox 2040 1480 2157 1520; x_wconf 82' lang='lat' dir='ltr'>vole·</span> 
     </span>
     <span class='ocr_line' id='line_1_22' title="bbox 203 1542 2162 1604; baseline 0.003 -20"><span class='ocrx_word' id='word_1_194' title='bbox 203 1545 275 1587; x_wconf 86' lang='lat' dir='ltr'>bat</span> <span class='ocrx_word' id='word_1_195' title='bbox 287 1548 482 1604; x_wconf 80' lang='lat' dir='ltr'>Pericles.</span> <span class='ocrx_word' id='word_1_196' title='bbox 517 1547 690 1588; x_wconf 86' lang='lat' dir='ltr'>Medela</span> <span class='ocrx_word' id='word_1_197' title='bbox 709 1547 842 1600; x_wconf 89' lang='lat' dir='ltr'>igitur</span> <span class='ocrx_word' id='word_1_198' title='bbox 866 1560 972 1599; x_wconf 88' lang='lat' dir='ltr'>opus</span> <span class='ocrx_word' id='word_1_199' title='bbox 1000 1555 1064 1585; x_wconf 89' lang='lat' dir='ltr'>est</span> <span class='ocrx_word' id='word_1_200' title='bbox 1079 1544 1194 1585; x_wconf 83' lang='lat' dir='ltr'>haud</span> <span class='ocrx_word' id='word_1_201' title='bbox 1223 1543 1370 1585; x_wconf 82' lang='lat' dir='ltr'>dubie:</span> <span class='ocrx_word' id='word_1_202' title='bbox 1398 1543 1471 1584; x_wconf 90' lang='lat' dir='ltr'>sed</span> <span class='ocrx_word' id='word_1_203' title='bbox 1491 1543 1686 1585; x_wconf 79' lang='lat' dir='ltr'>Reiskius</span> <span class='ocrx_word' id='word_1_204' title='bbox 1705 1545 1764 1584; x_wconf 86' lang='lat' dir='ltr'>ita</span> <span class='ocrx_word' id='word_1_205' title='bbox 1781 1542 1942 1585; x_wconf 85' lang='lat' dir='ltr'>mederi</span> <span class='ocrx_word' id='word_1_206' title='bbox 1963 1555 2162 1590; x_wconf 58' lang='lat' dir='ltr'>conaturi</span> 
     </span>
    </p>

    <p class='ocr_par' dir='ltr' id='par_1_7' title="bbox 320 1612 1172 1662">
     <span class='ocr_line' id='line_1_23' title="bbox 320 1612 1172 1662; baseline -0.002 -11"><span class='ocrx_word' id='word_1_207' title='bbox 320 1613 393 1653; x_wconf 73' lang='grc' dir='ltr'>Σύ</span> <span class='ocrx_word' id='word_1_208' title='bbox 416 1612 502 1652; x_wconf 74' lang='grc' dir='ltr'>κᾶν</span> <span class='ocrx_word' id='word_1_209' title='bbox 524 1612 703 1662; x_wconf 81' lang='grc' dir='ltr'><em>μύροισι</em></span> <span class='ocrx_word' id='word_1_210' title='bbox 745 1614 884 1661; x_wconf 72' lang='grc' dir='ltr'><em>γραῦς</em></span> <span class='ocrx_word' id='word_1_211' title='bbox 897 1612 976 1651; x_wconf 51' lang='grc' dir='ltr'>ἐῦο)</span> <span class='ocrx_word' id='word_1_212' title='bbox 994 1613 1172 1662; x_wconf 84' lang='grc' dir='ltr'><em>ἠλείφεο</em></span> 
     </span>
    </p>

    <p class='ocr_par' dir='ltr' id='par_1_8' title="bbox 198 1671 2182 2281">
     <span class='ocr_line' id='line_1_24' title="bbox 318 1671 2182 1736; baseline 0.001 -14"><span class='ocrx_word' id='word_1_213' title='bbox 318 1682 386 1724; x_wconf 78' lang='lat' dir='ltr'>Sic</span> <span class='ocrx_word' id='word_1_214' title='bbox 409 1682 686 1725; x_wconf 79' lang='lat' dir='ltr'>contradictio</span> <span class='ocrx_word' id='word_1_215' title='bbox 707 1679 881 1736; x_wconf 89' lang='lat' dir='ltr'>quidem</span> <span class='ocrx_word' id='word_1_216' title='bbox 914 1682 1106 1731; x_wconf 87' lang='lat' dir='ltr'>tollitur,</span> <span class='ocrx_word' id='word_1_217' title='bbox 1146 1680 1352 1721; x_wconf 85' lang='lat' dir='ltr'>retinetur</span> <span class='ocrx_word' id='word_1_218' title='bbox 1375 1689 1515 1720; x_wconf 83' lang='lat' dir='ltr'>tamen</span> <span class='ocrx_word' id='word_1_219' title='bbox 1542 1679 1703 1733; x_wconf 84' lang='lat' dir='ltr'>aliquid</span> <span class='ocrx_word' id='word_1_220' title='bbox 1729 1691 1784 1721; x_wconf 84' lang='lat' dir='ltr'>ex</span> <span class='ocrx_word' id='word_1_221' title='bbox 1810 1681 2001 1736; x_wconf 78' lang='lat' dir='ltr'>vulgata,</span> <span class='ocrx_word' id='word_1_222' title='bbox 2042 1682 2157 1736; x_wconf 88' lang='lat' dir='ltr'>quod</span> <span class='ocrx_word' id='word_1_223' title='bbox 2179 1671 2182 1674; x_wconf 15' lang='grc' dir='ltr'><em>Α</em></span> 
     </span>
     <span class='ocr_line' id='line_1_25' title="bbox 199 1744 2161 1805; baseline 0.001 -15"><span class='ocrx_word' id='word_1_224' title='bbox 199 1751 344 1804; x_wconf 87' lang='lat' dir='ltr'>ipsum</span> <span class='ocrx_word' id='word_1_225' title='bbox 365 1765 454 1793; x_wconf 90' lang='lat' dir='ltr'>non</span> <span class='ocrx_word' id='word_1_226' title='bbox 481 1752 577 1791; x_wconf 84' lang='lat' dir='ltr'>satis</span> <span class='ocrx_word' id='word_1_227' title='bbox 602 1751 867 1805; x_wconf 87' lang='lat' dir='ltr'>perspicuam</span> <span class='ocrx_word' id='word_1_228' title='bbox 888 1750 1012 1790; x_wconf 90' lang='lat' dir='ltr'>habet</span> <span class='ocrx_word' id='word_1_229' title='bbox 1034 1762 1220 1799; x_wconf 84' lang='lat' dir='ltr'>causam,</span> <span class='ocrx_word' id='word_1_230' title='bbox 1251 1758 1352 1803; x_wconf 85' lang='lat' dir='ltr'>puta</span> <span class='ocrx_word' id='word_1_231' title='bbox 1380 1746 1494 1787; x_wconf 88' lang='lat' dir='ltr'>illud</span> <span class='ocrx_word' id='word_1_232' title='bbox 1523 1744 1608 1793; x_wconf 66' lang='grc' dir='ltr'>ἂν,</span> <span class='ocrx_word' id='word_1_233' title='bbox 1640 1748 1709 1788; x_wconf 87' lang='lat' dir='ltr'>cui</span> <span class='ocrx_word' id='word_1_234' title='bbox 1725 1747 1897 1804; x_wconf 83' lang='lat' dir='ltr'>insuper</span> <span class='ocrx_word' id='word_1_235' title='bbox 1925 1748 2161 1805; x_wconf 63' lang='lat' dir='ltr'>”praefixit</span> 
     </span>
     <span class='ocr_line' id='line_1_26' title="bbox 198 1807 2156 1871; baseline -0.003 -11"><span class='ocrx_word' id='word_1_236' title='bbox 198 1819 410 1869; x_wconf 77' lang='lat' dir='ltr'>Reiskius‚</span> <span class='ocrx_word' id='word_1_237' title='bbox 437 1818 551 1860; x_wconf 88' lang='lat' dir='ltr'>haud</span> <span class='ocrx_word' id='word_1_238' title='bbox 569 1817 711 1869; x_wconf 90' lang='lat' dir='ltr'>dubie,</span> <span class='ocrx_word' id='word_1_239' title='bbox 742 1830 792 1858; x_wconf 89' lang='lat' dir='ltr'>ut</span> <span class='ocrx_word' id='word_1_240' title='bbox 816 1819 1082 1858; x_wconf 89' lang='lat' dir='ltr'>minueretur</span> <span class='ocrx_word' id='word_1_241' title='bbox 1104 1818 1307 1871; x_wconf 80' lang='lat' dir='ltr'>violentia</span> <span class='ocrx_word' id='word_1_242' title='bbox 1332 1817 1591 1866; x_wconf 74' lang='lat' dir='ltr'>mutationis,</span> <span class='ocrx_word' id='word_1_243' title='bbox 1621 1815 1818 1857; x_wconf 84' lang='lat' dir='ltr'>adverbio</span> <span class='ocrx_word' id='word_1_244' title='bbox 1849 1816 1946 1855; x_wconf 76' lang='grc' dir='ltr'>Οὔκ</span> <span class='ocrx_word' id='word_1_245' title='bbox 1971 1807 2156 1860; x_wconf 51' lang='lat' dir='ltr'>littei-am</span> 
     </span>
     <span class='ocr_line' id='line_1_27' title="bbox 201 1883 2156 1942; baseline 0.002 -15"><span class='ocrx_word' id='word_1_246' title='bbox 201 1887 327 1928; x_wconf 82' lang='lat' dir='ltr'>istam</span> <span class='ocrx_word' id='word_1_247' title='bbox 347 1886 657 1942; x_wconf 77' lang='lat' dir='ltr'>suppeditante.</span> <span class='ocrx_word' id='word_1_248' title='bbox 709 1887 812 1927; x_wconf 85' lang='lat' dir='ltr'>Satis</span> <span class='ocrx_word' id='word_1_249' title='bbox 841 1885 1015 1940; x_wconf 87' lang='lat' dir='ltr'>quidem</span> <span class='ocrx_word' id='word_1_250' title='bbox 1034 1886 1268 1941; x_wconf 86' lang='lat' dir='ltr'>ingeniose,</span> <span class='ocrx_word' id='word_1_251' title='bbox 1309 1895 1517 1926; x_wconf 83' lang='lat' dir='ltr'>constaret</span> <span class='ocrx_word' id='word_1_252' title='bbox 1540 1883 1672 1925; x_wconf 89' lang='lat' dir='ltr'>modo</span> <span class='ocrx_word' id='word_1_253' title='bbox 1697 1898 1820 1926; x_wconf 78' lang='lat' dir='ltr'>causa</span> <span class='ocrx_word' id='word_1_254' title='bbox 1850 1888 2156 1941; x_wconf 77' lang='lat' dir='ltr'>particularum</span> 
     </span>
     <span class='ocr_line' id='line_1_28' title="bbox 202 1952 2156 2009; baseline 0.003 -18"><span class='ocrx_word' id='word_1_255' title='bbox 202 1953 311 2005; x_wconf 82' lang='grc' dir='ltr'><strong>κᾳ“ν,</strong></span> <span class='ocrx_word' id='word_1_256' title='bbox 343 1969 449 2009; x_wconf 89' lang='lat' dir='ltr'>quae</span> <span class='ocrx_word' id='word_1_257' title='bbox 471 1969 646 1995; x_wconf 86' lang='lat' dir='ltr'>acumen</span> <span class='ocrx_word' id='word_1_258' title='bbox 670 1953 848 2005; x_wconf 87' lang='lat' dir='ltr'>dicterii,</span> <span class='ocrx_word' id='word_1_259' title='bbox 876 1955 912 1995; x_wconf 87' lang='lat' dir='ltr'>si</span> <span class='ocrx_word' id='word_1_260' title='bbox 940 1969 1028 1993; x_wconf 89' lang='lat' dir='ltr'>non</span> <span class='ocrx_word' id='word_1_261' title='bbox 1061 1953 1326 2008; x_wconf 86' lang='lat' dir='ltr'>defringunt‚</span> <span class='ocrx_word' id='word_1_262' title='bbox 1367 1952 1615 1993; x_wconf 87' lang='lat' dir='ltr'>obtundunt</span> <span class='ocrx_word' id='word_1_263' title='bbox 1645 1962 1799 1994; x_wconf 83' lang='lat' dir='ltr'>tamen.</span> <span class='ocrx_word' id='word_1_264' title='bbox 1858 1954 1937 1994; x_wconf 89' lang='lat' dir='ltr'>Sed</span> <span class='ocrx_word' id='word_1_265' title='bbox 1967 1970 2055 1996; x_wconf 84' lang='lat' dir='ltr'>non</span> <span class='ocrx_word' id='word_1_266' title='bbox 2081 1967 2156 2006; x_wconf 88' lang='lat' dir='ltr'>est,</span> 
     </span>
     <span class='ocr_line' id='line_1_29' title="bbox 201 2019 2156 2079; baseline -0.001 -17"><span class='ocrx_word' id='word_1_267' title='bbox 201 2037 279 2062; x_wconf 86' lang='lat' dir='ltr'>cur</span> <span class='ocrx_word' id='word_1_268' title='bbox 307 2024 464 2063; x_wconf 87' lang='lat' dir='ltr'>vitium</span> <span class='ocrx_word' id='word_1_269' title='bbox 493 2024 538 2062; x_wconf 90' lang='lat' dir='ltr'>in</span> <span class='ocrx_word' id='word_1_270' title='bbox 562 2023 769 2077; x_wconf 87' lang='lat' dir='ltr'>particula</span> <span class='ocrx_word' id='word_1_271' title='bbox 795 2020 899 2059; x_wconf 76' lang='grc' dir='ltr'>-Ουίι</span> <span class='ocrx_word' id='word_1_272' title='bbox 930 2035 1198 2075; x_wconf 81' lang='lat' dir='ltr'>quaeramus,</span> <span class='ocrx_word' id='word_1_273' title='bbox 1234 2020 1335 2060; x_wconf 87' lang='lat' dir='ltr'>latet</span> <span class='ocrx_word' id='word_1_274' title='bbox 1360 2019 1474 2060; x_wconf 86' lang='lat' dir='ltr'>illud</span> <span class='ocrx_word' id='word_1_275' title='bbox 1496 2021 1619 2075; x_wconf 77' lang='lat' dir='ltr'>potin</span> <span class='ocrx_word' id='word_1_276' title='bbox 1640 2023 1685 2060; x_wconf 85' lang='lat' dir='ltr'>in</span> <span class='ocrx_word' id='word_1_277' title='bbox 1706 2033 1771 2059; x_wconf 88' lang='lat' dir='ltr'>eas</span> <span class='ocrx_word' id='word_1_278' title='bbox 1797 2021 1886 2076; x_wconf 89' lang='lat' dir='ltr'>ipsa</span> <span class='ocrx_word' id='word_1_279' title='bbox 1910 2035 2025 2074; x_wconf 81' lang='lat' dir='ltr'>voce,</span> <span class='ocrx_word' id='word_1_280' title='bbox 2054 2034 2156 2079; x_wconf 81' lang='lat' dir='ltr'>puta</span> 
     </span>
     <span class='ocr_line' id='line_1_30' title="bbox 204 2085 2156 2148; baseline -0.001 -14"><span class='ocrx_word' id='word_1_281' title='bbox 204 2088 281 2142; x_wconf 74' lang='grc' dir='ltr'>ἄν,</span> <span class='ocrx_word' id='word_1_282' title='bbox 321 2106 404 2148; x_wconf 82' lang='lat' dir='ltr'>qua</span> <span class='ocrx_word' id='word_1_283' title='bbox 432 2094 604 2133; x_wconf 78' lang='lat' dir='ltr'>sensum</span> <span class='ocrx_word' id='word_1_284' title='bbox 635 2090 835 2146; x_wconf 89' lang='lat' dir='ltr'>impediri</span> <span class='ocrx_word' id='word_1_285' title='bbox 865 2089 1125 2131; x_wconf 81' lang='lat' dir='ltr'>infirmarive</span> <span class='ocrx_word' id='word_1_286' title='bbox 1153 2089 1353 2131; x_wconf 84' lang='lat' dir='ltr'>diximus.</span> <span class='ocrx_word' id='word_1_287' title='bbox 1412 2093 1497 2130; x_wconf 87' lang='lat' dir='ltr'>Pro</span> <span class='ocrx_word' id='word_1_288' title='bbox 1533 2104 1579 2129; x_wconf 84' lang='lat' dir='ltr'>ea</span> <span class='ocrx_word' id='word_1_289' title='bbox 1605 2091 1640 2129; x_wconf 88' lang='lat' dir='ltr'>si</span> <span class='ocrx_word' id='word_1_290' title='bbox 1674 2085 1726 2126; x_wconf 68' lang='grc' dir='ltr'>εὖ</span> <span class='ocrx_word' id='word_1_291' title='bbox 1760 2092 1967 2142; x_wconf 82' lang='lat' dir='ltr'>posueris,</span> <span class='ocrx_word' id='word_1_292' title='bbox 2003 2094 2156 2145; x_wconf 87' lang='lat' dir='ltr'>plenus</span> 
     </span>
     <span class='ocr_line' id='line_1_31' title="bbox 202 2156 2161 2215; baseline 0.001 -16"><span class='ocrx_word' id='word_1_293' title='bbox 202 2172 361 2205; x_wconf 82' lang='lat' dir='ltr'>sensus,</span> <span class='ocrx_word' id='word_1_294' title='bbox 378 2158 607 2209; x_wconf 85' lang='lat' dir='ltr'>efficietur,</span> <span class='ocrx_word' id='word_1_295' title='bbox 656 2168 701 2199; x_wconf 85' lang='lat' dir='ltr'>et</span> <span class='ocrx_word' id='word_1_296' title='bbox 732 2159 807 2214; x_wconf 83' lang='lat' dir='ltr'>qui</span> <span class='ocrx_word' id='word_1_297' title='bbox 830 2158 1002 2202; x_wconf 81' lang='lat' dir='ltr'>Periclis</span> <span class='ocrx_word' id='word_1_298' title='bbox 1032 2167 1221 2199; x_wconf 86' lang='lat' dir='ltr'>mentem</span> <span class='ocrx_word' id='word_1_299' title='bbox 1252 2167 1346 2215; x_wconf 79' lang='lat' dir='ltr'>apte</span> <span class='ocrx_word' id='word_1_300' title='bbox 1375 2170 1421 2199; x_wconf 85' lang='lat' dir='ltr'>ac</span> <span class='ocrx_word' id='word_1_301' title='bbox 1448 2157 1520 2198; x_wconf 84' lang='lat' dir='ltr'>ine</span> <span class='ocrx_word' id='word_1_302' title='bbox 1550 2156 1813 2214; x_wconf 81' lang='lat' dir='ltr'>sambagibus</span> <span class='ocrx_word' id='word_1_303' title='bbox 1845 2159 1956 2210; x_wconf 82' lang='lat' dir='ltr'>istis,</span> <span class='ocrx_word' id='word_1_304' title='bbox 2003 2157 2161 2214; x_wconf 81' lang='lat' dir='ltr'>quibus</span> 
     </span>
     <span class='ocr_line' id='line_1_32' title="bbox 205 2226 729 2281; baseline 0 -15"><span class='ocrx_word' id='word_1_305' title='bbox 205 2226 470 2281; x_wconf 87' lang='lat' dir='ltr'>infringitur,</span> <span class='ocrx_word' id='word_1_306' title='bbox 500 2229 729 2280; x_wconf 75' lang='lat' dir='ltr'>exprimat:</span> 
     </span>
    </p>

    <p class='ocr_par' dir='ltr' id='par_1_9' title="bbox 326 2289 1165 2345">
     <span class='ocr_line' id='line_1_33' title="bbox 326 2289 1165 2345; baseline 0 -12"><span class='ocrx_word' id='word_1_307' title='bbox 326 2292 419 2333; x_wconf 71' lang='grc' dir='ltr'>Οὔκ</span> <span class='ocrx_word' id='word_1_308' title='bbox 440 2289 491 2332; x_wconf 79' lang='grc' dir='ltr'>εὖ</span> <span class='ocrx_word' id='word_1_309' title='bbox 525 2292 703 2343; x_wconf 75' lang='grc' dir='ltr'><strong><em>μύροισι</em></strong></span> <span class='ocrx_word' id='word_1_310' title='bbox 722 2297 862 2345; x_wconf 78' lang='grc' dir='ltr'><em>γραῦς</em></span> <span class='ocrx_word' id='word_1_311' title='bbox 885 2294 964 2334; x_wconf 57' lang='grc' dir='ltr'>ἐπ’</span> <span class='ocrx_word' id='word_1_312' title='bbox 976 2293 1165 2345; x_wconf 82' lang='grc' dir='ltr'><strong><em>ἠλείφεο.</em></strong></span> 
     </span>
    </p>

    <p class='ocr_par' dir='ltr' id='par_1_10' title="bbox 202 2361 2155 2630">
     <span class='ocr_line' id='line_1_34' title="bbox 274 2361 2155 2426; baseline 0.001 -20"><span class='ocrx_word' id='word_1_313' title='bbox 274 2366 334 2406; x_wconf 78' lang='lat' dir='ltr'>&#39;Si</span> <span class='ocrx_word' id='word_1_314' title='bbox 355 2363 690 2415; x_wconf 81' lang='lat' dir='ltr'>consideramus,</span> <span class='ocrx_word' id='word_1_315' title='bbox 729 2365 952 2421; x_wconf 78' lang='lat' dir='ltr'>fragrantia</span> <span class='ocrx_word' id='word_1_316' title='bbox 979 2365 1184 2415; x_wconf 89' lang='lat' dir='ltr'>odorum,</span> <span class='ocrx_word' id='word_1_317' title='bbox 1215 2364 1432 2406; x_wconf 80' lang='lat' dir='ltr'>accedente</span> <span class='ocrx_word' id='word_1_318' title='bbox 1457 2365 1671 2420; x_wconf 81' lang='lat' dir='ltr'>Elpinice,</span> <span class='ocrx_word' id='word_1_319' title='bbox 1701 2361 1862 2406; x_wconf 81' lang='lat' dir='ltr'>affectas</span> <span class='ocrx_word' id='word_1_320' title='bbox 1889 2364 2155 2426; x_wconf 53' lang='lat' dir='ltr'>fuissejffares</span> 
     </span>
     <span class='ocr_line' id='line_1_35' title="bbox 202 2432 2154 2492; baseline 0 -16"><span class='ocrx_word' id='word_1_321' title='bbox 202 2433 406 2483; x_wconf 89' lang='lat' dir='ltr'>Periclis,</span> <span class='ocrx_word' id='word_1_322' title='bbox 445 2432 558 2472; x_wconf 89' lang='lat' dir='ltr'>nihil</span> <span class='ocrx_word' id='word_1_323' title='bbox 576 2433 711 2473; x_wconf 84' lang='lat' dir='ltr'>abtius</span> <span class='ocrx_word' id='word_1_324' title='bbox 731 2434 801 2492; x_wconf 61' lang='lat' dir='ltr'>liic</span> <span class='ocrx_word' id='word_1_325' title='bbox 814 2434 951 2475; x_wconf 88' lang='lat' dir='ltr'>dicere</span> <span class='ocrx_word' id='word_1_326' title='bbox 975 2433 1152 2489; x_wconf 78' lang='lat' dir='ltr'>poterat,</span> <span class='ocrx_word' id='word_1_327' title='bbox 1182 2435 1252 2474; x_wconf 87' lang='lat' dir='ltr'>vel</span> <span class='ocrx_word' id='word_1_328' title='bbox 1273 2436 1415 2489; x_wconf 89' lang='lat' dir='ltr'>potius</span> <span class='ocrx_word' id='word_1_329' title='bbox 1435 2436 1578 2484; x_wconf 79' lang='lat' dir='ltr'>citare,</span> <span class='ocrx_word' id='word_1_330' title='bbox 1609 2449 1707 2474; x_wconf 86' lang='lat' dir='ltr'>nam</span> <span class='ocrx_word' id='word_1_331' title='bbox 1724 2445 1786 2475; x_wconf 89' lang='lat' dir='ltr'>est</span> <span class='ocrx_word' id='word_1_332' title='bbox 1803 2449 1946 2475; x_wconf 78' lang='lat' dir='ltr'>versus</span> <span class='ocrx_word' id='word_1_333' title='bbox 1963 2436 2154 2476; x_wconf 85' lang='lat' dir='ltr'>Archilo-</span> 
     </span>
     <span class='ocr_line' id='line_1_36' title="bbox 202 2500 2155 2560; baseline 0.001 -15"><span class='ocrx_word' id='word_1_334' title='bbox 202 2503 285 2545; x_wconf 86' lang='lat' dir='ltr'>chi.</span> <span class='ocrx_word' id='word_1_335' title='bbox 349 2505 441 2546; x_wconf 78' lang='lat' dir='ltr'>Iam</span> <span class='ocrx_word' id='word_1_336' title='bbox 467 2500 586 2556; x_wconf 88' lang='lat' dir='ltr'>prius</span> <span class='ocrx_word' id='word_1_337' title='bbox 611 2502 735 2542; x_wconf 84' lang='lat' dir='ltr'>etiam</span> <span class='ocrx_word' id='word_1_338' title='bbox 763 2516 849 2557; x_wconf 80' lang='lat' dir='ltr'>cap.</span> <span class='ocrx_word' id='word_1_339' title='bbox 874 2506 926 2543; x_wconf 92' lang='lat' dir='ltr'>X.</span> <span class='ocrx_word' id='word_1_340' title='bbox 950 2503 1182 2558; x_wconf 82' lang='lat' dir='ltr'>opprobrio</span> <span class='ocrx_word' id='word_1_341' title='bbox 1199 2505 1237 2545; x_wconf 90' lang='lat' dir='ltr'>ei</span> <span class='ocrx_word' id='word_1_342' title='bbox 1252 2503 1434 2555; x_wconf 83' lang='lat' dir='ltr'>dederat,</span> <span class='ocrx_word' id='word_1_343' title='bbox 1467 2504 1580 2560; x_wconf 87' lang='lat' dir='ltr'>quod</span> <span class='ocrx_word' id='word_1_344' title='bbox 1597 2519 1659 2547; x_wconf 91' lang='lat' dir='ltr'>res</span> <span class='ocrx_word' id='word_1_345' title='bbox 1674 2515 1825 2560; x_wconf 84' lang='lat' dir='ltr'>ageret,</span> <span class='ocrx_word' id='word_1_346' title='bbox 1855 2502 2155 2547; x_wconf 82' lang='lat' dir='ltr'>adolescentiae</span> 
     </span>
     <span class='ocr_line' id='line_1_37' title="bbox 202 2569 1395 2630; baseline -0.002 -17"><span class='ocrx_word' id='word_1_347' title='bbox 202 2571 396 2630; x_wconf 84' lang='lat' dir='ltr'>quidem,</span> <span class='ocrx_word' id='word_1_348' title='bbox 425 2569 540 2613; x_wconf 83' lang='lat' dir='ltr'>haud</span> <span class='ocrx_word' id='word_1_349' title='bbox 570 2584 679 2625; x_wconf 20' lang='lat' dir='ltr'>vero*</span> <span class='ocrx_word' id='word_1_350' title='bbox 696 2572 901 2613; x_wconf 85' lang='lat' dir='ltr'>senectuti</span> <span class='ocrx_word' id='word_1_351' title='bbox 928 2569 1119 2622; x_wconf 81' lang='lat' dir='ltr'>decoras,</span> <span class='ocrx_word' id='word_1_352' title='bbox 1150 2573 1215 2614; x_wconf 86' lang='lat' dir='ltr'>his</span> <span class='ocrx_word' id='word_1_353' title='bbox 1237 2573 1395 2612; x_wconf 75' lang='lat' dir='ltr'>verbis:</span> 
     </span>
    </p>
   </div>
   <div class='ocr_carea' id='block_1_4' title="bbox 782 2667 797 2684">
    <p class='ocr_par' dir='ltr' id='par_1_11' title="bbox 782 2667 797 2684">
     <span class='ocr_line' id='line_1_38' title="bbox 782 2667 797 2684; baseline 0 0"><span class='ocrx_word' id='word_1_354' title='bbox 782 2667 797 2684; x_wconf 68' lang='grc' dir='ltr'><strong><em>Ι</em></strong></span> 
     </span>
    </p>
   </div>
  </div>
 </body>
</html>
