2362 3003
24 0 58 51 am

1003 201 1289 241 ...δι-

2030 229 2089 236 ηι-

176 296 388 351 posterior
411 297 563 351 vertit.
602 288 888 352 Wahrhaftig,
921 298 992 338 ihr
1009 294 1153 336 k6nnt
1177 308 1220 334 es
1237 294 1445 350 glauben,
1474 293 1587 335 dicae
1600 298 1836 354 Masmgel
1849 299 1922 341 hat
1939 295 2020 341 den
2036 304 2122 343 36-

174 374 301 407 mern
320 362 397 408 der
410 367 518 410 Hass
535 378 668 423 gegen
696 365 805 408 euch
819 364 1090 423 eingegeben.
1150 365 1306 407 Deerat
1323 377 1476 421 nempe
1489 359 1623 417 illud,
1650 374 1703 406 nt
1715 364 1954 419 juramento
1961 368 2124 411 confir·

177 443 367 474 maretur
380 448 460 485 res,
476 448 581 488 quae
597 449 672 489 per
689 449 732 475 se
745 433 929 490 patebat!
961 437 1050 473 Nae
1064 443 1199 488 patres
1215 433 1285 473 illi
1295 418 1711 489 Carthaginiensium,
1739 435 1840 474 -vel
1825 448 1872 475 m
1890 435 2034 477 modio
2050 437 2125 478 do-

176 499 293 552 lore,
330 500 469 544 ridere
489 504 621 545 coacti
642 513 791 555 essent,
829 504 864 545 si
889 516 1046 559 magno
1067 512 1220 544 conatu
1236 502 1457 544 Hannibal
1473 502 1604 554 nihil,
1633 503 1713 546 nisi
1739 512 1825 545 tam
1836 502 2007 545 triviale
2023 504 2128 559 quid.

176 566 462 625 produxisset.
499 569 757 628 Doerin'gius
775 571 955 622 tandem,
958 535 1325 611 orelatiserevierii
1333 580 1375 611 et
1383 569 1720 611 Drakenbroohn
1731 572 1964 622 sententiis,
1984 571 2128 652 despe-

176 649 274 678 rans
288 638 348 679 ita
365 639 606 693 concludit:
638 672 663 691 ,‚
672 640 884 695 Equidem
898 640 951 681 de
965 640 1094 693 hujus
1110 641 1195 681 loci
1211 640 1454 695 integritate
1466 638 1592 681 valde
1604 639 1767 681 dubito.
1777 639 1806 660 ‘⁴

266 704 317 748 In
340 707 418 749 hac
441 719 554 750 tanta
567 708 830 763 judiciorum
847 710 1043 750 varietate
1058 722 1104 750 ac
1111 707 1412 764 discrepantia,
1443 721 1578 763 quum
1592 709 1703 751 mihi
1716 717 1803 749 tota
1817 707 2011 750 mutandi
2018 709 2127 750 ratio

176 772 443 828 displiceret,
472 778 721 832 cogitabam,
751 778 786 817 si
801 777 916 817 forte
926 779 1091 831 integer
1109 787 1217 816 esset
1238 777 1359 816 locus
1371 807 1383 827 ,
1410 790 1488 831 nec
1501 787 1588 816 tam
1607 777 1660 816 de
1674 778 1770 816 lana
1787 778 1975 830 caprina,
2001 790 2129 829 quam

176 839 231 882 de
252 842 392 885 nihilo
413 846 705 899 pugnaretur?
734 857 777 886 et
792 844 1041 901 sic'pugnari
1054 845 1238 899 reperire
1253 845 1364 886 mihi
1377 845 1493 886 visus
1504 859 1622 886 aum.
1669 846 1852 886 -Nomm
1866 855 1947 895 est,
1961 848 1964 851 “
1976 847 2128 887 Roma-

165 920 254 948 -nos
288 911 641 966 notiones‚-quae
666 912 918 963 ὅμφαιικώς
944 908 1261 967 pronuncianda
1285 921 1405 960 sunt,
1443 912 1501 949 ita
1523 912 1567 949 in
1594 910 1770 965 periodo
1794 903 1953 965 ponere
1972 912 2123 961 solere,

178 986 229 1016 ut
253 980 401 1020 ceteris
428 983 694 1031 notionibus,
718 981 871 1020 minue
889 979 1058 1035 pondus
1081 978 1346 1028 habentibus,
1374 977 1635 1033 praecedant.
1694 978 1798 1019 Tale
1813 978 1945 1034 igitur
1960 977 2126 1033 pondus

175 1047 478 1100 suspicandum
507 1060 570 1090 est
594 1050 641 1089 in
657 1049 872 1090 vocabulis
890 1051 936 1088 in
961 1062 1051 1089 vos.
1090 1045 1215 1100 Quod
1229 1047 1263 1086 si
1281 1060 1433 1087 verum
1449 1056 1523 1097 est,
1549 1047 1788 1102 oppositam
1808 1045 2016 1100 quandam
2029 1047 2130 1088 haec

177 1113 385 1158 vocabula
413 1118 638 1161 notionem
665 1116 919 1168 involvunt,
957 1115 1046 1157 soil.
1078 1115 1124 1155 in
1146 1127 1187 1156 se
1208 1114 1331 1171 ipso&
1392 1116 1570 1156 Sensum
1593 1115 1729 1172 igitur
1752 1115 1868 1158 hunc
1891 1128 1977 1157 esse
2000 1124 2129 1172 puto:

175 1185 363 1237 „Neque
386 1199 489 1226 vero
513 1186 702 1226 credatis.
733 1179 946 1225 Romanos
964 1199 1042 1224 suo
1059 1185 1187 1224 vestri
1205 1183 1335 1224 odio
1321 1197 1367 1224 m
1383 1195 1461 1227 vos
1482 1195 1646 1225 tantum
1663 1181 1945 1233 consuluisse,
1974 1186 2064 1226 imo
2084 1185 2131 1226 in

175 1265 235 1292 se
258 1253 372 1308 ipsos
405 1254 520 1295 male
555 1254 878 1295 consuluerunt.
889 1250 916 1271 “
975 1251 1125 1293 Innuit
1148 1252 1294 1306 igitur
1309 1251 1545 1302 Hannibal,
1575 1255 1816 1303 Romanos,
1855 1266 1985 1306 quum
2010 1253 2132 1294 nulla

175 1333 340 1377 magna
363 1323 512 1363 civitas
536 1323 611 1363 diu
646 1322 848 1375 quiescere
873 1321 1022 1377 possit,
1055 1320 1303 1373 Carthagine
1326 1329 1568 1374 magnaque
1581 1329 1794 1362 terrarum
1816 1330 1935 1376 parte
1952 1320 2133 1372 subacta,

173 1388 374 1430 civilibus
393 1390 557 1431 bellis
544 1391 600 1430 iri
619 1389 905 1429 dilaceratum.
966 1388 1090 1441 Quo‘
1078 1402 1124 1427 ιιι
1141 1400 1292 1440 genere
1309 1384 1424 1427 idem
1439 1388 1711 1438 vaticinatur,
1730 1387 1845 1441 quod
1855 1389 2132 1442 seriusScipio

174 1458 344 1508 Nasica,
391 1472 526 1512 quum
557 1456 610 1498 de
639 1454 906 1509 suscipiendo
941 1456 1069 1494 tertio
1095 1454 1211 1494 bello
1240 1451 1401 1494 Punico
1426 1453 1564 1494 adhuc
1577 1453 1902 1508 disceptaretur,
1933 1455 2133 1497 Romanis

175 1523 268 1566 fore
283 1525 505 1580 praedixit.
569 1570 578 1580 Δ
634 1534 809 1581 gruunt,
826 1536 931 1577 quae
941 1530 1190 1576 sequuntur,
1214 1533 1315 1559 cum
1327 1520 1404 1560 hac
1417 1519 1670 1561 Hannibalis
1687 1520 1741 1562 de
1755 1530 1861 1571 statu
1879 1523 2135 1578 reipublicae

176 1591 407 1634 disserendi
420 1594 598 1644 ratione,
623 1593 675 1633 ad
691 1606 806 1647 quae,
838 1601 888 1630 ut
903 1591 948 1629 in
965 1598 1218 1665 praegnante
1233 1589 1436 1636 oratione,
1468 1586 1634 1627 facilem
1653 1589 1776 1629 nobis
1790 1584 2016 1631 transitum
2026 1601 2134 1632 sti-u-

177 1671 250 1701 ent
265 1662 364 1702 haec
380 1662 631 1703 Hannibalis
654 1662 855 1716 cogitata:
885 1658 1045 1708 „Nihil
1062 1656 1165 1697 novi
1181 1669 1294 1696 nunc
1311 1655 1511 1709 patimur,
1542 1654 1614 1696 sed
1630 1655 1744 1709 quod
1757 1656 1846 1709 v‘jam
1862 1657 1973 1708 nun,
2001 1672 2137 1713 quum

177 1742 255 1771 nos
279 1730 480 1772 Romanis
503 1728 771 1779 dedebamus,
796 1727 939 1767 animo
963 1725 1201 1781 praecipere
1222 1723 1519 1777 potuisse-nm&
1580 1724 1717 1764 Patria
1732 1723 1930 1765 deflenda
1937 1728 2019 1776 est',
2046 1733 2135 1766 noh

177 1813 243 1838 res
256 1800 438 1852 privata:
468 1791 546 1838 nos
570 1814 598 1835 v
600 1813 672 1838 ero
688 1811 802 1837 nunc
819 1796 1008 1844 demum,
1038 1794 1113 1833 ubi
1132 1792 1184 1832 de
1198 1793 1357 1845 privata
1376 1806 1422 1830 re
1439 1805 1487 1845 ag
1476 1792 1580 1831 itur
1589 1785 1850 1844 ,querimur-
1855 1794 1882 1814 “
1904 1794 2135 1835 Nimirum

178 1867 339 1909 ironice
357 1866 610 1920 capiendum
624 1878 703 1917 est,
749 1876 791 1906 et
814 1864 1010 1906 sentimus
1025 1860 1215 1903 modeste
1230 1858 1388 1901 dicitur
1403 1866 1482 1914 pro
1499 1860 1667 1902 sent-itin
1703 1869 1707 1874 ·

265 1935 351 1976 Hic
383 1935 490 1986 loci,
527 1934 579 1974 de
606 1947 691 1988 quo
717 1933 930 1987 litigatur,
970 1942 1111 1969 sensus
1138 1937 1181 1968 et
1204 1940 1382 1982 persona
1398 1927 1665 1994 Hannibalis,
1696 1925 1738 1967 et
1751 1929 1967 1983 sagae-itate
1981 1927 2134 1984 dignus

178 2019 205 2042 ι
194 2002 422 2043 idebatur:
453 2003 523 2044 sed
539 2002 726 2054 judiczent
751 2000 972 2041 doctioxmes
