2362 3003
1017 263 1095 277 “¹-
1135 254 1183 296 4’7
1219 260 1342 299 ”’“““·,,

185 379 193 387 ,
307 338 364 380 Ὦ
378 337 600 387 Ἐλπινίκη
647 332 859 387 γραῦςεὶ,
890 333 1197 385 (ἐι-’πράγματα
1224 338 1467 385 τηλικαῦτα
1484 332 1641 393 δράσειν.
1738 382 1741 385 ,
1977 373 1984 379 ,

182 446 189 453 .
224 452 226 454 ,
274 412 475 453 ,Ceterum
493 409 662 456 Jambos
682 408 729 453 in
744 406 975 463 imparibus
992 405 1190 459 caesuriS,
1214 407 1357 462 prima
1372 409 1636 467 praesertim,
1660 408 1786 450 etiam
1809 410 2043 466 spondeum
2058 414 2126 456 ad.

182 480 384 531 .mittere,
422 494 488 520 res
512 488 575 520 est
598 477 827 520 notissima.

502 559 507 562 '
1003 562 1321 579 fi-——t——ae

278 617 399 660 Alter
422 618 564 667 locus,
600 630 726 671 quem
750 616 1044 671 propositurus
1070 632 1188 668 sum,
1209 605 1519 673 integerrimus
1542 618 1649 658 mihi
1671 605 1858 667 videtur,
1889 621 2023 672 neque
2040 622 2130 663 ulla

191 685 397 727 medicina
419 701 525 741 opus
547 685 721 737 habere3
750 696 1000 739 tantumque
1024 686 1155 736 abest,
1185 697 1236 728 ut
1259 687 1304 727 in
1324 703 1422 728 eum
1440 696 1600 736 ferrum
1619 684 1897 736 coniecturale
1915 689 2130 743 stringam,

182 763 242 796 ut
262 765 408 796 contra
429 753 560 796 varias
578 754 819 797 multorum
837 755 1065 797 sanationes
1083 756 1193 797 tueri
1211 769 1351 798 coner.
1409 755 1617 811 Legitur
1605 768 1649 796 in
1666 754 1779 794 Livii
1797 754 1827 799 l
1845 757 1981 795 XXX.
1998 770 2033 797 c.
2057 767 2128 808 44.

178 824 276 867 ,Nec
302 834 381 861 esse
403 823 458 869 ἰη,
471 836 565 871 vos,
602 823 700 863 odio
725 833 884 872 vestro,
921 825 1153 864 consultum
1174 823 1238 872 ab,
1257 825 1461 865 Romanis
1477 823 1667 862 credatis.
1727 824 1871 861 Nexus
1887 805 1949 862 rei
1962 824 2031 863 hic
2047 834 2130 865 estt

177 889 352 935 «niwrat
366 890 581 932 Hannibal
595 891 640 931 in
660 901 819 940 senatu,
846 904 993 944 quum,
1013 903 1110 947 post
1126 906 1323 948 magnam
1336 892 1538 947 Scipionis
1560 888 1730 942 majoris
1748 889 1982 941 victoriam,
1996 891 2132 946 'grave

188 955 421 1006 tributum,
458 957 572 1010 quod
589 958 666 997 ille
686 958 1094 1012 Carthaginiensibus
1110 961 1231 999 victis
1248 961 1525 1013 imposuerat,
1555 958 1639 1009 jam
1655 956 1911 1009 exigendum
1927 968 2051 1008 esset,
2068 960 2132 999 in.

189 1023 315 1064 utiles
325 1034 559 1065 ceterorum
578 1025 781 1068 lacrimas,
812 1028 948 1078 Quem
961 1027 1095 1067 risum
1111 1041 1244 1079 quum
1260 1028 1533 1079 increpuisset
1540 1024 1780 1072 Hasdrubal
1789 1023 1970 1075 Haedus,
1991 1024 2131 1067 defen-

189 1088 254 1131 dit
267 1104 310 1131 se
323 1091 557 1136 Hannibal:
574 1093 707 1133 risum
726 1106 852 1133 suum
866 1106 953 1135 non
969 1106 1054 1134 esse
1071 1093 1262 1143 laetitiae,
1279 1092 1350 1133 sed
1365 1091 1610 1132 insanientis
1628 1089 1808 1130 doloris:
1825 1091 2015 1132 lacrimas
2030 1106 2132 1135 vero

118 1186 128 1192 -
187 1159 400 1213 ipsorum,
442 1171 617 1218 propter
646 1162 840 1215 pecunias
862 1160 1167 1210 (conferendas,
1203 1162 1330 1200 etiam
1355 1160 1488 1213 magis
1516 1173 1602 1198 esse
1626 1157 1950 1212 intempestivas.
2015 1165 2132 1202 Time

174 1225 300 1282 flesse
323 1229 483 1278 decuit,
524 1228 602 1280 (sic
627 1230 765 1284 pergit
774 1233 806 1279 ,)
836 1243 968 1283 quum
983 1231 1154 1270 ademta
1168 1227 1287 1270 nobis
1302 1242 1450 1276 arma,
1480 1227 1668 1267 incensae
1687 1240 1834 1276 naves,
1865 1227 2132 1272 interdictum

186 1297 365 1337 externis
386 1295 514 1336 bellis.
576 1297 660 1337 Illo
685 1297 797 1336 enim
819 1297 991 1336 vulnere
1022 1297 1287 1338 concidimus.
1346 1298 1445 1335 Nec
1485 1307 1590 1333 esse
1625 1294 1679 1333 in
1715 1308 1743 1333 v
1755 1308 1826 1343 os,
1884 1311 1910 1336 o
1923 1298 1975 1336 cli
1985 1312 2009 1338 o
2047 1312 2132 1339 ve-

186 1373 315 1413 stro,
374 1364 668 1405 consultum
714 1361 778 1402 ab
825 1363 1070 1403 Romanis
1106 1362 1352 1401 credatis.
1412 1361 1547 1401 Nulla
1561 1374 1726 1415 magna
1744 1362 1890 1404 civitas
1907 1364 1981 1402 diu
2000 1366 2132 1417 quies.

186 1444 274 1471 cere
295 1440 447 1485 potest.
485 1426 657 1486 siseris
673 1430 830 1471 hostem
844 1445 931 1471 non
948 1428 1085 1478 habet,
1115 1430 1233 1470 domi
1249 1428 1430 1469 invenit.-
1460 1436 1508 1465 ut
1523 1428 1779 1482 praevalida
1798 1441 1977 1485 corpora
1993 1430 2048 1472 ab
2062 1447 2132 1475 ex·

186 1498 312 1539 ternis
338 1497 469 1537 causis
490 1490 582 1536 tuta
605 1498 826 1545 videntur,
856 1498 931 1536 secl
949 1497 1034 1535 suis
1056 1497 1149 1550 ipsa
1172 1494 1333 1534 viribus
1356 1503 1597 1533 onerantur.
1660 1496 1829 1536 Mirum
1854 1508 2060 1549 quantum
2085 1514 2133 1541 se

184 1575 400 1607 torserunt
412 1566 658 1616 interpretes
671 1564 716 1603 in
725 1562 980 1621 explicandis
990 1563 1141 1611 verbis,
1151 1576 1255 1615 quae
1268 1562 1421 1601 litteris
1430 1560 1671 1612 majusculis
1681 1562 1961 1616 imprimenda
1969 1570 2126 1611 curavi.

171 1631 418 1674 Crevierius
439 1629 614 1688 quidem
635 1630 751 1671 hum:
775 1643 944 1670 sensum
967 1629 1118 1669 elicere
1133 1627 1293 1668 studet:
1318 1642 1407 1668 non
1430 1628 1621 1667 nocuisse
1640 1622 1852 1670 Romanos
1872 1634 2128 1690 Carthagini-

185 1699 368 1749 ensibus,
399 1697 504 1737 dum
529 1711 642 1737 arma
657 1698 757 1750 ipsis
777 1696 1036 1746 ademissent,
1068 1696 1140 1736 sed
1161 1698 1295 1748 quieti
1309 1698 1499 1748 ipsorum
1521 1696 1792 1736 consuluisse.
1824 1701 1972 1752 Neque
1991 1712 2153 1761 tamenb

184 1777 321 1822 negat,
350 1780 438 1806 non
466 1765 571 1805 satis*
585 1763 757 1818 dignam
787 1778 964 1817 persona
988 1763 1236 1803 Hannibalis
1256 1764 1362 1802 hanc
1390 1776 1475 1802 esse
1505 1763 1763 1803 sententiam.
1820 1766 2065 1811 Subscribo:
2095 1773 2132 1812 si

184 1836 302 1876 enim
314 1844 401 1875 tam
419 1832 652 1873 tolerabilis
668 1830 883 1871 videretur
895 1830 1125 1870 Hannibali
1142 1830 1329 1871 conditio
1345 1831 1766 1885 Carthaginiensium,
1799 1833 1993 1888 ineptum
2010 1849 2130 1891 esset,

119 1914 126 1926 ⁴
190 1900 307 1958 quod
329 1900 381 1940 de
398 1898 522 1940 corde
538 1913 616 1940 suo
632 1899 754 1939 malis
769 1913 902 1953 prope
917 1898 1073 1939 amenti
1089 1896 1205 1938 dicit.
1239 1898 1609 1940 Drakenborchius
1620 1899 1703 1954 'pro
1721 1903 1885 1940 Necesse
1903 1903 2133 1958 legendum

179 1980 324 2015 censet
332 1971 573 2018 Necesseesc‚
589 1968 672 2008 hoc
680 1980 823 2014 sensu:
844 1966 1105 2008 Credendum
1113 1978 1175 2007 est
1182 1967 1316 2018 vobis,
1333 1982 1382 2008 eo
1397 1968 1573 2010 consilio
1581 1971 1790 2009 Romanos
1806 1983 1918 2017 arma
1931 1970 2130 2016 ademisse

184 2039 329 2087 vobis,
366 2047 438 2087 ut,
470 2049 604 2089 quum
620 2049 708 2076 non
725 2035 908 2090 amplius
923 2037 1104 2076 externis
1120 2036 1245 2076 bellis
1259 2050 1376 2090 pares
1396 2038 1558 2087 essetis,
1579 2036 1774 2077 civilibus
1792 2037 1915 2078 bellis
1934 2038 2129 2084 dilacera-

183 2106 356 2156 remini,
393 2105 549 2161 quippe
573 2102 724 2158 quod
713 2118 758 2142 m
783 2104 905 2143 nulla
930 2116 1079 2158 magna
1101 2103 1266 2143 civitate
1281 2117 1368 2144 non
1386 2101 1476 2143 fieri
1494 2104 1636 2144 soleat.
1666 2125 1721 2131 —
1752 2107 1842 2158 Qua
1867 2106 1911 2144 in
1930 2111 2132 2151 sententia

184 2190 264 2232 ego
291 2174 463 2233 quidem
478 2174 596 2212 -nihil
621 2172 767 2221 video,
813 2172 928 2224 quod
950 2172 1302 2230 Carthaginienses
1327 2174 1398 2213 vel
1426 2174 1579 2214 melius
1604 2172 1795 2223 edocere,
1835 2176 1904 2214 ve]
1919 2180 2129 2221 consolari

185 2243 406 2300 potuisset.
474 2240 649 2281 Nemini
675 2254 770 2280 sane
800 2238 1238 2294 Carthaginiensium
1225 2254 1270 2280 m
1297 2238 1428 2281 dubio
1454 2251 1561 2290 erat,
1591 2243 1800 2281 Romanos
1818 2241 1948 2284 odio
1935 2259 2128 2299 ipsorum

130 2330 133 2332 “
186 2312 245 2352 sic
260 2311 391 2366 egisse
402 2339 414 2358 ,
450 2322 586 2362 neque
603 2309 822 2361 quisquam
837 2306 882 2346 id
898 2308 947 2347 ab
966 2308 1204 2348 Hannibale
1220 2307 1393 2363 dem7um
1412 2308 1657 2368 discendum
1673 2308 1860 2349 habebat.
1905 2312 2128 2362 Ejusmodi

186 2381 319 2435 igitur
334 2377 514 2431 ineptias
531 2374 744 2416 Hannibal
761 2375 897 2416 dicere
913 2390 999 2416 non
1019 2385 1197 2429 poterat.
1255 2376 1473 2417 Walchius
1498 2377 1795 2432 interrogative
1811 2380 2026 2421 enunciata
2042 2396 2128 2423 esse

185 2448 263 2489 illa
281 2445 331 2487 ab
350 2445 478 2486 Livio
495 2453 635 2499 putat:
665 2457 816 2484 verum
832 2455 944 2485 recte
959 2454 1105 2485 monet
1119 2445 1406 2500 Heusingerus
1425 2444 1469 2483 in
1485 2446 1677 2485 versione
1687 2448 1946 2497 Germanica,
1965 2448 2128 2491 obstare

185 2515 287 2557 huic
318 2511 657 2567 interpretationi
681 2511 1008 2563 Coniunctivum
1025 2514 1068 2552 in
1087 2514 1277 2553 credatis.
1337 2516 1487 2565 Neque
1502 2527 1603 2553 vero
1619 2513 1883 2555 lucraremur
1899 2516 2128 2573 quidquam

185 2582 534 2638 interrogatione,
574 2581 609 2621 si
630 2580 700 2622 vel
723 2578 859 2623 decies
890 2582 1065 2623 credatis
1086 2577 1446 2637 nonssimpediretz'
1481 2579 1701 2623 difficultas
1715 2584 1836 2625 'enim
1861 2588 1907 2625 in
1932 2585 2069 2628 verbis
2085 2589 2131 2629 in

186 2665 261 2694 vos
277 2672 332 2681 -
362 2650 594 2692 consultum
610 2659 809 2691 maneret.
855 2652 1082 2706 Rupertius
1098 2660 1139 2692 et
1153 2650 1440 2706 Heusingerus
1458 2664 1537 2690 nae
1551 2665 1630 2705 pto
1640 2651 1719 2706 Inec
1738 2652 1877 2707 legere
1890 2654 2063 2705 volunt,
2089 2667 2131 2697 et
