2362 3003
238 983 417 1071 Quum
436 1005 715 1052 constitutum
739 1006 796 1051 sit
821 1018 875 1049 ex
895 1004 1014 1061 jussu
1032 1019 1331 1064 supremorum
1347 1006 1410 1048 rei
1430 1006 1695 1050 scholasticae
1718 1007 1764 1048 in
1787 1008 1983 1049 Borussia
2005 1006 2183 1051 admini-

237 1075 431 1119 strandae
448 1078 783 1131 magistratuum,
807 1087 856 1117 ut
872 1080 1200 1131 Programmata,
1236 1089 1340 1129 quae
1366 1077 1627 1119 examinibus
1650 1079 1977 1127 Gymnasiomm
1999 1071 2182 1132 publicis

235 1145 454 1202 praemitti
478 1144 639 1195 solent,
678 1144 849 1185 alternis
875 1144 1039 1186 vicibus
1060 1145 1436 1186 Latinoisermone
1461 1144 1716 1195 scribantur,
1758 1144 1990 1198 itidemque
2011 1145 2181 1187 alternis

239 1213 486 1262 vernaculo,
528 1224 664 1265 neque
694 1225 859 1267 semper
894 1213 946 1253 ab
965 1222 1056 1254 uno
1081 1211 1313 1266 eodemque
1336 1214 1552 1266 magistro,
1582 1212 1653 1251 sed
1679 1212 1873 1267 deinceps
1894 1213 1944 1252 ab
1967 1214 2180 1265 omnibus,

239 1282 313 1336 qui
349 1280 397 1322 in
427 1278 712 1334 superioribus
750 1280 948 1321 classibus
978 1278 1160 1321 docendi
1185 1294 1343 1319 munus
1372 1279 1544 1319 habent:
1587 1294 1665 1320 nos
1687 1280 1879 1333 quidem,
1917 1295 2052 1334 quum
2076 1282 2184 1323 hanc

237 1346 447 1394 scribendi
479 1346 630 1387 seriem
661 1346 994 1401 suspicaremur,
1030 1346 1185 1387 Latino
1211 1347 1416 1398 sermoni,
1455 1357 1653 1401 tanquam
1678 1361 1732 1387 ex
1753 1348 1977 1403 privilegio
2002 1349 2182 1403 antiqui-

237 1418 347 1467 tatis,
376 1416 564 1471 priorem
583 1414 726 1456 deberi
743 1415 893 1457 locum
914 1416 1258 1461 existimavimus.
1304 1417 1535 1456 Enimvero
1556 1415 1794 1469 paucissimi
1818 1425 1999 1467 tantum,
2029 1430 2179 1459 eorum

237 1497 426 1539 quoque,
471 1484 544 1535 qui
567 1483 794 1536 aliquando
821 1483 1059 1525 studiorum
1091 1499 1208 1525 causa
1233 1486 1278 1524 in
1302 1483 1533 1524 Academiis
1557 1484 1706 1524 versati
1732 1494 1853 1533 sunt,
1898 1503 1957 1514 —
1992 1478 2181 1539 exceptis

233 1553 311 1603 iis,
355 1550 431 1605 qui
460 1549 677 1604 propriam
706 1547 857 1590 studiis
888 1549 1147 1601 litterarum,
1183 1550 1427 1605 praesertim
1453 1550 1739 1603 antiquarum,
1779 1564 1948 1602 operam
1975 1549 2180 1602 dicarunt.

235 1620 363 1670 huius
384 1618 589 1660 sermonis
611 1618 782 1658 scientia
811 1619 867 1658 ita
894 1629 995 1659 sunt
1022 1618 1199 1667 imbuti,
1238 1628 1287 1657 ut
1316 1618 1437 1657 facile
1465 1619 1617 1656 Latine
1644 1619 1795 1670 scripta
1825 1618 1965 1671 legere
1993 1621 2181 1672 possintz

235 1686 421 1745 prospici
449 1685 583 1741 igitur
610 1692 808 1739 certoque
837 1684 1019 1739 praedici
1041 1695 1202 1740 potest,
1227 1685 1381 1739 absque
1407 1685 1525 1726 omni
1557 1694 1599 1725 et
1620 1683 1841 1724 divinandi
1855 1694 1907 1724 *et
1929 1686 2181 1730 vaticinandi

236 1765 342 1804 arte,
371 1753 643 1807 paucissimos
663 1762 830 1792 tantum
852 1752 1061 1803 ejusmodi
1085 1762 1394 1805 programmata
1424 1752 1616 1791 habitura
1637 1765 1724 1791 esse
1755 1752 1947 1792 lectores.
2014 1752 2091 1793 Sed
2115 1755 2179 1794 nil

235 1823 373 1869 oberit
395 1822 478 1862 hoc
506 1819 703 1870 utilitati,
733 1833 860 1873 quam
881 1820 1039 1860 summi
1058 1819 1322 1874 magistratus
1344 1834 1397 1860 ex
1421 1819 1615 1861 instituto
1637 1819 1718 1861 illo
1741 1819 2070 1862 redundaturam
2094 1837 2183 1864 esse

236 1899 419 1946 sperant:
473 1900 625 1940 nempe
660 1883 900 1928 effervescat
932 1897 1141 1926 certamen
1177 1887 1288 1926 inter
1323 1888 1545 1937 Gymnasia
1557 1918 1571 1944 ,
1623 1888 1816 1940 interque
1850 1890 2183 1938 Gymnasiomm

234 1959 469 2014 magistros,
496 1955 562 1996 his
584 1954 707 2009 ipsis,
746 1963 789 1994 et
810 1954 965 2009 passim
989 1954 1162 1996 tortasse
1184 1953 1426 1995 litterarum
1453 1968 1622 2009 quoque
1647 1954 1811 2006 studiis,
1835 1954 1960 1996 valde
1983 1957 2181 2011 profutu-

233 2040 347 2071 rum.
405 2024 634 2070 Necessitas
671 2023 787 2063 enim
821 2023 972 2064 Latine
999 2021 1209 2064 scribendi
1241 2036 1335 2073 eOS,
1372 2024 1446 2077 qui
1475 2024 1664 2078 alioquin
1699 2024 1805 2065 hanc
1834 2026 2177 2069 exercitationem

233 2094 527 2152 neglexissent,
565 2092 660 2133 satis
679 2091 846 2131 utiliter
869 2090 1090 2131 exercebit.
1149 2089 1316 2131 Deinde
1338 2105 1439 2132 vero
1461 2106 1525 2132 res
1554 2090 1721 2142 doctae,
1758 2105 1864 2146 quae
1892 2094 1938 2133 in
1960 2106 2177 2149 program-

234 2164 417 2206 matibus
437 2160 664 2202 vernaculo
691 2173 883 2200 sermone
905 2157 1132 2199 scribendis
1149 2173 1238 2200 non
1254 2160 1351 2200 satis
1367 2159 1581 2200 idoneum
1605 2160 1752 2200 locum
1774 2159 1993 2210 habebant,
2019 2164 2178 2219 quippe
2236 2185 2239 2187 Δ

234 2235 280 2276 in
298 2231 451 2286 quibus
476 2239 619 2283 captus
644 2238 875 2282 gustusque
896 2225 1186 2268 multitudinis
1202 2225 1486 2281 respiciendus
1510 2237 1628 2276 esset,
1659 2240 1773 2266 nunc
1803 2225 1977 2279 quidem
2004 2232 2180 2284 saepius,

235 2313 362 2355 quam
385 2307 514 2347 antea,
529 2294 907 2351 pertractabuntur‚
933 2308 1066 2350 quum
1086 2294 1264 2335 minime
1279 2295 1333 2334 sit
1351 2293 1600 2343 timendum,
1626 2293 1786 2333 lectum
1802 2294 1856 2334 iri
1881 2308 1948 2334 eas
1965 2296 2016 2335 ab
2040 2296 2179 2340 homi.

234 2369 373 2416 nibus,
404 2366 478 2420 qui
494 2362 702 2416 ejusmodi
721 2365 995 2417 quaestiones,
1026 2377 1125 2417 quas
1147 2364 1231 2417 ipsi
1255 2377 1309 2403 ne
1329 2363 1570 2417 intelligere
1598 2360 1793 2414 quidem,
1823 2362 1982 2403 nedum
2014 2366 2179 2409 solvere

233 2443 430 2494 possunt,
465 2431 729 2483 λογομαχίας
764 2441 928 2484 vocant,
957 2432 1107 2485 illique
1131 2429 1343 2473 doctrinae
1366 2428 1549 2485 putidae,
1579 2442 1707 2484 quam
1729 2429 1983 2471 Pedantismi
2004 2435 2178 2477 nomine

234 2505 483 2548 recentiores
502 2511 719 2551 notarunt,
747 2515 959 2542 accensere
979 2500 1127 2541 solent.
1173 2501 1238 2540 Sic
1263 2512 1341 2554 ego
1366 2511 1547 2552 quoque,
1578 2499 1654 2538 ubi
1682 2500 1728 2539 in
1754 2498 1942 2553 legendis
1965 2502 2178 2555 explican-

234 2573 380 2627 disque
397 2569 635 2612 auctoribus
653 2569 843 2620 classicis,
873 2570 944 2610 vel
962 2568 1136 2629 βταεοίε,
1166 2567 1236 2607 vel
1254 2567 1431 2617 Latinis,
1461 2567 1695 2607 occurrerit
1707 2567 1827 2608 locus
1852 2568 2018 2622 aliquis,
2048 2583 2177 2624 quem

204 2634 209 2642 ¹
233 2643 304 2690 vel
320 2638 546 2682 dilucidius
564 2637 782 2693 explicare,
812 2638 884 2679 vel
911 2639 1036 2680 etiam
1060 2634 1279 2679 emendare
1305 2649 1428 2691 posse
1451 2635 1559 2679 mihi
1578 2634 1768 2689 videbor,
1798 2636 1874 2678 illa
1890 2650 2177 2692 programma.
